<?xml version="1.0" encoding="UTF-8"?><record xmlns="http://www.loc.gov/MARC21/slim" xmlns:cinclude="http://apache.org/cocoon/include/1.0" xmlns:zs="http://www.loc.gov/zing/srw/">
  <leader>00434nz  a2200145n  4500</leader>
  <controlfield tag="001">no2006118978</controlfield>
  <controlfield tag="003">DLC</controlfield>
  <controlfield tag="005">20061109075151.0</controlfield>
  <controlfield tag="008">060607n| acannaabn          |a aaa     c</controlfield>
  <datafield tag="010" ind1=" " ind2=" ">
    <subfield code="a">no2006118978</subfield>
  </datafield>
  <datafield tag="035" ind1=" " ind2=" ">
    <subfield code="a">(OCoLC)oca07178525</subfield>
  </datafield>
  <datafield tag="040" ind1=" " ind2=" ">
    <subfield code="a">MX-SlUA</subfield>
    <subfield code="b">eng</subfield>
    <subfield code="c">MX-SlUA</subfield>
  </datafield>
  <datafield tag="100" ind1="1" ind2=" ">
    <subfield code="a">Pen̋a Pérez, María Guadalupe</subfield>
  </datafield>
  <datafield tag="400" ind1="1" ind2=" ">
    <subfield code="a">Pérez, María Guadalupe Pen̋a</subfield>
  </datafield>
  <datafield tag="670" ind1=" " ind2=" ">
    <subfield code="a">De la cosa juzgada, 1980:</subfield>
    <subfield code="b">t.p. (María Guadalupe Pen̋a Pérez)</subfield>
  </datafield>
</record>